@article{ardito_coppola_malnati_torchiano_2020, title={Effectiveness of Kotlin vs. Java in Android App Development tasks}, volume={127}, DOI={10.1016/j.infsof.2020.106374}, journal={Information and Software Technology}, author={Ardito, Luca and Coppola, Riccardo and Malnati, Giovanni and Torchiano, Marco}, year={2020}, pages={106374}} 

@comment{--- 1998 ---}


 @misc{góis mateus_martinez_2019, title={An empirical study on quality of Android applications written in Kotlin language - empirical software engineering}, url={https://link.springer.com/article/10.1007/s10664-019-09727-4}, journal={SpringerLink}, publisher={Springer US}, author={Góis Mateus, Bruno and Martinez, Matias}, year={2019}, month={Jun}} 
