@comment{© 2011–2012 UCLouvain, Belgium}

@comment{BibTeX database on writing style.}
@comment{For formatting guidelines please see README file.}

@comment{Requires "general.bib"}

@comment{$Id: writing.bib 3236 2012-10-24 13:44:26Z s.gonzalez $}

@comment{--- 2000 ---}

@book{strunk+00style,
 author = {William Strunk and E.B. White},
 title = {The Elements of Style},
 publisher = {Longman},
 year = 2000,
 edition = {Fourth},
 isbn = {0-205-30902-X}}

@comment{--- 1998 ---}

@book{dupre98bugs,
 author = {Lyn Dupr\'e},
 title = {{BUGS} in Writing: A Guide to Debugging Your Prose},
 publisher = pub-addison,
 year = 1998,
 edition = {Revised},
 isbn = {0-201-37921-X}}

@article{ardito_coppola_malnati_torchiano_2020, 
	title={Effectiveness of Kotlin vs. Java in Android App Development tasks}, 
	volume=127, 
	DOI={10.1016/j.infsof.2020.106374}, 
	journal={Information and Software Technology}, 
	author={Ardito, Luca and Coppola, Riccardo and Malnati, Giovanni and Torchiano, Marco}, 
	year=2020, 
	pages=106374} 


@misc{góis mateus_martinez_2019, 
	title={An empirical study on quality of Android applications written in Kotlin language - empirical software engineering},
	 url={https://link.springer.com/article/10.1007/s10664-019-09727-4},
	 journal={SpringerLink}, 
	 publisher={Springer US}, 
	 author={Góis Mateus, Bruno and Martinez, Matias}, 
	 year={2019}, 
	 month=Jun}
 
